@book{SMR,
author = "Dominic Sweetman",
title = "See Mips Run, Second Edition",
publisher = "Morgan Kaufmann",
year = "2007"
}

@book{ARCH,
author = "John L. Hennessy and David A. Peterson",
title = "Computer Architecture - A Quantitive Approach, Fourth Edition",
publisher = "Morgan Kaufmann",
year = "2007",
}

@book{ISA,
author = "MIPS Technologies",
title = "MIPS Architecture For Programmers Volume II-A: The MIPS 32 Instruction Set",
publisher = "MIPS Technologies",
year = "2013"
}

@online{CR,
author = "Tarun Agarwal",
title = "What is RISC and CISC Architecture with Advantages and Disadvantages",
year = "2017",
url = {http://www.edgefxkits.com/blog/what-is-risc-and-cisc-architecture/},
urldate = {2018-07-23}
}

@online{WASM,
title = "WebAssembly.org",
url = {https://webassembly.org/},
urldate = {2018-08-25}
}

@book{WASMS,
author = "WebAssembly Community Group",
title = "WebAssembly Specification, release 1.0",
year = "2018",
}

@online{WABT,
title = "WebAssembly Binary Toolkit",
url = {https://github.com/WebAssembly/wabt},
urldate = {2018-08-12}
}

